sep=,
Account,Transaction Date,Journal Number,Transaction Type,Branch,Description,DebitAmount,CreditAmount,Narrative,BalanceAmount
1791077844,01/04/2024,74055728213,FINANCIAL,"","Interest Sweep",,1.87,"LB Interest sweep | MAR 2024",128.45
1791077844,09/04/2024,74480512379,FINANCIAL,"","Round-up Transfer",,1.15,"Round-up Transfer",129.60
1791077844,12/04/2024,74592454175,FINANCIAL,"","Round-up Transfer",,0.51,"Round-up Transfer",130.11
1791077844,30/04/2024,75509337781,FINANCIAL,"","Interest Received",,0.45,"",130.56
1791077844,01/05/2024,75560729676,FINANCIAL,"","Interest Sweep",,3.46,"LB Interest sweep | APR 2024",134.02
1791077844,07/05/2024,75920690496,FINANCIAL,"","Round-up Transfer",,0.90,"Round-up Transfer",134.92
1791077844,31/05/2024,77104110192,FINANCIAL,"","Interest Received",,0.48,"",135.40
1791077844,01/06/2024,77169058046,FINANCIAL,"","Interest Sweep",,7.46,"LB Interest sweep | MAY 2024",142.86
1791077844,04/06/2024,77356130760,FINANCIAL,"","Round-up Transfer",,8.46,"Round-up Transfer",151.32
1791077844,06/06/2024,77459463869,FINANCIAL,"","Round-up Transfer",,6.00,"Round-up Transfer",157.32
1791077844,10/06/2024,77647871698,FINANCIAL,"","Credit Card Cash Back (May 2024)",,18.50,"Credit Card Cash Back | MAY 2024",175.82
1791077844,10/06/2024,77649026136,FINANCIAL,"","Dis-Chem Rewards",,0.90,"Dis-Chem",176.72
1791077844,30/06/2024,78653312876,FINANCIAL,"","Interest Received",,0.58,"",177.30
1791077844,01/07/2024,78723497023,FINANCIAL,"","Interest Sweep",,4.33,"LB Interest sweep | JUN 2024",181.63
1791077844,02/07/2024,78805662965,FINANCIAL,"","Round-up Transfer",,1.14,"Round-up Transfer",182.77
1791077844,05/07/2024,78974506170,FINANCIAL,"","Round-up Transfer",,6.00,"Round-up Transfer",188.77
1791077844,10/07/2024,79211294989,FINANCIAL,"","Dis-Chem Rewards",,2.00,"Dis-Chem",190.77
1791077844,10/07/2024,79212563846,FINANCIAL,"","Round-up Transfer",,6.00,"Round-up Transfer",196.77
1791077844,31/07/2024,80193620090,FINANCIAL,"","Round-up Transfer",,4.19,"Round-up Transfer",200.96
1791077844,31/07/2024,80252365841,FINANCIAL,"","Interest Received",,0.66,"",201.62
1791077844,01/08/2024,80329470358,FINANCIAL,"","Interest Sweep",,5.39,"LB Interest sweep | JUL 2024",207.01
1791077844,03/08/2024,80479293084,FINANCIAL,"","Round-up Transfer",,0.71,"Round-up Transfer",207.72
1791077844,05/08/2024,80586857934,FINANCIAL,"","Round-up Transfer",,6.00,"Round-up Transfer",213.72
1791077844,07/08/2024,80688640852,FINANCIAL,"","Round-up Transfer",,4.00,"Round-up Transfer",217.72
1791077844,10/08/2024,80837733356,FINANCIAL,"","Dis-Chem Rewards",,0.74,"Dis-Chem",218.46
1791077844,10/08/2024,80841306007,FINANCIAL,"","Credit Card Cash Back (Jul 2024)",,2.00,"Credit Card Cash Back | JUL 2024",220.46
1791077844,25/08/2024,81484689169,FINANCIAL,"","Round-up Transfer",,6.19,"Round-up Transfer",226.65
