sep=,
Account,Transaction Date,Journal Number,Transaction Type,Branch,Description,DebitAmount,CreditAmount,Narrative,BalanceAmount
1706227645,19/01/2024,70384476801,FINANCIAL,"","Banking App Transfer to Credit Card (6010640066) Transfer",1000.00,,"Transfer",13298.21
1706227645,26/01/2024,70676540262,FINANCIAL,"","Banking App Transfer Received from Savings Account (1678993059) Transfer",,1000.00,"Transfer",14298.21
1706227645,31/01/2024,71022925521,FINANCIAL,"","Interest Received",,41.72,"",14339.93
1706227645,06/02/2024,71327708972,FINANCIAL,"","Banking App Transfer to Credit Card (6010640066) Transfer",1000.00,,"Transfer",13339.93
1706227645,25/02/2024,72126465961,FINANCIAL,"","Banking App Transfer Received from Savings Account (1678993059) Transfer",,500.00,"Transfer",13839.93
1706227645,29/02/2024,72428498831,FINANCIAL,"","Interest Received",,37.71,"",13877.64
1706227645,26/03/2024,73644171134,FINANCIAL,"","Banking App Transfer Received from Savings Account (1678993059) Transfer",,500.00,"Transfer",14377.64
1706227645,31/03/2024,74014449065,FINANCIAL,"","Interest Received",,41.43,"",14419.07
1706227645,30/04/2024,75509337868,FINANCIAL,"","Interest Received",,37.82,"",14456.89
1706227645,31/05/2024,77104110229,FINANCIAL,"","Interest Received",,39.18,"",14496.07
1706227645,01/06/2024,77192653261,FINANCIAL,"","Banking App Transfer Received from Savings Account (1678993059) Transfer",,200.00,"Transfer",14696.07
