sep=,
Account,Transaction Date,Journal Number,Transaction Type,Branch,Description,DebitAmount,CreditAmount,Narrative,BalanceAmount
1791077844,01/07/2024,78723497023,FINANCIAL,"","Interest Sweep",,4.33,"LB Interest sweep | JUN 2024",181.63
1791077844,02/07/2024,78805662965,FINANCIAL,"","Round-up Transfer",,1.14,"Round-up Transfer",182.77
1791077844,05/07/2024,78974506170,FINANCIAL,"","Round-up Transfer",,6.00,"Round-up Transfer",188.77
1791077844,10/07/2024,79211294989,FINANCIAL,"","Dis-Chem Rewards",,2.00,"Dis-Chem",190.77
1791077844,10/07/2024,79212563846,FINANCIAL,"","Round-up Transfer",,6.00,"Round-up Transfer",196.77
1791077844,31/07/2024,80193620090,FINANCIAL,"","Round-up Transfer",,4.19,"Round-up Transfer",200.96
1791077844,31/07/2024,80252365841,FINANCIAL,"","Interest Received",,0.66,"",201.62
1791077844,01/08/2024,80329470358,FINANCIAL,"","Interest Sweep",,5.39,"LB Interest sweep | JUL 2024",207.01
1791077844,03/08/2024,80479293084,FINANCIAL,"","Round-up Transfer",,0.71,"Round-up Transfer",207.72
1791077844,05/08/2024,80586857934,FINANCIAL,"","Round-up Transfer",,6.00,"Round-up Transfer",213.72
1791077844,07/08/2024,80688640852,FINANCIAL,"","Round-up Transfer",,4.00,"Round-up Transfer",217.72
1791077844,10/08/2024,80837733356,FINANCIAL,"","Dis-Chem Rewards",,0.74,"Dis-Chem",218.46
1791077844,10/08/2024,80841306007,FINANCIAL,"","Credit Card Cash Back (Jul 2024)",,2.00,"Credit Card Cash Back | JUL 2024",220.46
1791077844,25/08/2024,81484689169,FINANCIAL,"","Round-up Transfer",,6.19,"Round-up Transfer",226.65
1791077844,31/08/2024,81963234786,FINANCIAL,"","Interest Received",,0.74,"",227.39
1791077844,01/09/2024,81995280680,FINANCIAL,"","Interest Sweep",,7.26,"LB Interest sweep | AUG 2024",234.65
1791077844,05/09/2024,82228321703,FINANCIAL,"","Round-up Transfer",,6.00,"Round-up Transfer",240.65
1791077844,10/09/2024,82477633201,FINANCIAL,"","Credit Card Cash Back (Aug 2024)",,8.00,"Credit Card Cash Back | AUG 2024",248.65
1791077844,10/09/2024,82477745969,FINANCIAL,"","Dis-Chem Rewards",,1.10,"Dis-Chem",249.75
1791077844,10/09/2024,82481318807,FINANCIAL,"","Round-up Transfer",,6.00,"Round-up Transfer",255.75
1791077844,21/09/2024,82957112076,FINANCIAL,"","Round-up Transfer",,2.70,"Round-up Transfer",258.45
1791077844,30/09/2024,83540072714,FINANCIAL,"","Interest Received",,0.80,"",259.25
1791077844,01/10/2024,83636481696,FINANCIAL,"","Interest Sweep",,3.84,"LB Interest sweep | SEP 2024",263.09
1791077844,02/10/2024,83701738431,FINANCIAL,"","Round-up Transfer",,5.00,"Round-up Transfer",268.09
1791077844,03/10/2024,83765997883,FINANCIAL,"","Round-up Transfer",,2.50,"Round-up Transfer",270.59
1791077844,04/10/2024,83827529165,FINANCIAL,"","Round-up Transfer",,6.00,"Round-up Transfer",276.59
1791077844,10/10/2024,84129978220,FINANCIAL,"","Dis-Chem Rewards",,1.00,"Dis-Chem",277.59
1791077844,10/10/2024,84133993707,FINANCIAL,"","Credit Card Cash Back (Sep 2024)",,1.67,"Credit Card Cash Back | SEP 2024",279.26
1791077844,23/10/2024,84690562621,FINANCIAL,"","Round-up Transfer",,3.16,"Round-up Transfer",282.42
1791077844,26/10/2024,84885809543,FINANCIAL,"","Round-up Transfer",,4.50,"Round-up Transfer",286.92
1791077844,30/10/2024,85132734171,FINANCIAL,"","Round-up Transfer",,9.10,"Round-up Transfer",296.02
1791077844,31/10/2024,85194903419,FINANCIAL,"","Round-up Transfer",,7.00,"Round-up Transfer",303.02
1791077844,31/10/2024,85324215162,FINANCIAL,"","Interest Received",,0.89,"",303.91
1791077844,01/11/2024,85353068119,FINANCIAL,"","Interest Sweep",,0.84,"LB Interest sweep | OCT 2024",304.75
1791077844,03/11/2024,85504479378,FINANCIAL,"","Round-up Transfer",,1.00,"Round-up Transfer",305.75
1791077844,05/11/2024,85617382266,FINANCIAL,"","Round-up Transfer",,6.00,"Round-up Transfer",311.75
1791077844,10/11/2024,85893085652,FINANCIAL,"","Dis-Chem Rewards",,0.96,"Dis-Chem",312.71
1791077844,10/11/2024,85893394272,FINANCIAL,"","Credit Card Cash Back (Oct 2024)",,4.30,"Credit Card Cash Back | OCT 2024",317.01
1791077844,19/11/2024,86294929027,FINANCIAL,"","Round-up Transfer",,8.31,"Round-up Transfer",325.32
